
@misc{markov_cats,
	author = {Fritz, Tobias},
	title = {A synthetic approach to {M}arkov kernels, conditional independence and theorems on sufficient statistics},
	note = {\href{https://arxiv.org/abs/1908.07021}{arXiv:1908.07021}},
}

@article {cho_jacobs,
	author = {Cho, Kenta and Jacobs, Bart},
	title = {Disintegration and {B}ayesian Inversion via String Diagrams},
	journal = {Math. Structures Comput. Sci.},
	volume = {29},
	issue = {7},
	pages = {938--971},
	note = {\href{https://arxiv.org/abs/1709.00322}{arXiv:1709.00322}},
	year = {2019},
}

@article {golubtsov,
    AUTHOR = {Golubtsov, Peter V.},
     TITLE = {Axiomatic description of categories of information converters},
   JOURNAL = {Problemy Peredachi Informatsii},
    VOLUME = {35},
      YEAR = {1999},
    NUMBER = {3},
     PAGES = {80--98},
     note = {In Russian. English translation in \textit{Problems Inform.~Transmission} 35(3):259--274, 1999.},
}

@article {blackadar,
    AUTHOR = {Blackadar, Bruce E.},
     TITLE = {Infinite tensor products of {$C\sp*$}-algebras},
   JOURNAL = {Pacific J. Math.},
    VOLUME = {72},
      YEAR = {1977},
    NUMBER = {2},
     PAGES = {313--334},
}
